

@MastersThesis{PA_bicycle,
author = {Roman Schneider, Daniel Studer},
title = {Bicycle computer and sensoric powered with harvested energy},
type = {Projektarbeit},
school = {ZHAW School of Engineering},
year = {2015}
}

